@online{Deciders,
    author = "Francesco Marazzo",
    title = "Deciders. Chi decide sulla rete",
    url  = "https://www.researchgate.net/publication/309014634_Deciders_Chi_decide_sulla_rete",
    keywords = "deciders"
}



@online{cyberbullying,
    author = "Homa Hosseinmardi - Sabrina Arredondo Mattson - Rahat Ibn Rafiq - Richard Han - Qin Lv - Shivakant Mishra",
    title = "Detection of Cyberbullying Incidents on the Instagram Social Network",
    url  = "https://arxiv.org/pdf/1503.03909.pdf",
    keywords = "Cyberbullying, twitter"
}



@online{xiang,
    author = "Guang Xiang - Bin Fan - Ling Wang - Jason I. Hong - Carolyn P. Rose",
    title = "Detecting Offensive Tweets via Topical Feature Discovery over a Large Scale Twitter Corpus",
    url  = "https://dl.acm.org/doi/pdf/10.1145/2396761.2398556",
    keywords = "offensive, twitter"
}



@online{smokey,
    author = "Ellen Spertus",
    title = "Smokey: Automatic Recognition of Hostile Messages",
    url  = "https://www.aaai.org/Papers/IAAI/1997/IAAI97-209.pdf",
    keywords = "offensive, twitter"
}



@online{offensivelang,
    author = "Thomas Davidson - Dana Warmsley - Michael Macy - Ingmar Weber",
    title = "The Automated Hate Speech Detection and the Problem of Offensive Language",
    url  = "https://arxiv.org/pdf/1703.04009.pdf",
    keywords = "offensive, language, hate"
}



@online{rnnabusive,
    author = "Yashar Mehdad - Joel Tetreault",
    title = "Do Characters Abuse More Than Words?",
    url  = "https://aclanthology.org/W16-3638.pdf",
    keywords = "offensive, language, hate"
}



@online{word2vec,
    author = "Tomas Mikolov - Kai Chen - Greg Corrado - Jeffrey Dean",
    title = "Efficient Estimation of Word Representations in Vector Space",
    url  = "https://arxiv.org/pdf/1301.3781.pdf",
    keywords = "word2vec"
}


@online{languagedetect,
    author = "Chikashi Nobata - Joel Tetreault - Achint Thomas - Yashar Mehdad - Yi Chang",
    title = "Abusive Language Detection in Online User Content",
    url  = "https://dl.acm.org/doi/pdf/10.1145/2872427.2883062",
    keywords = "language, detectcion"
}



@online{hatespeechSurvey,
    author = "Anna Schmidt - Michael Wiegand",
    title = "A Survey on Hate Speech Detection using Natural Language Processing",
    url =   "https://aclanthology.org/W17-1101.pdf",
    keywords = "survey, nlp, hatespeech"
}



@online{Attention,
    author = "Ashish Vaswani - Noam Shazeer  - Niki Parmar - Jakob Uszkoreit - Llion Jones - Aidan N. Gomez - Łukasz Kaiser - Illia Polosukhin",
    title = "Attention Is All You Need",
    url  = "https://arxiv.org/pdf/1706.03762.pdf",
    keywords = "attention"
}



@online{Bert,
    author = "Ashish Vaswani - Ming-Wei Chang - Kenton Lee - Kristina Toutanova - Google AI and Google Brain",
    title = "BERT: Pre-training of Deep Bidirectional Transformers for Language Understanding",
    url  = "https://arxiv.org/pdf/1810.04805.pdf",
    keywords = "bert"
}



@misc{brown2020language,
      title={Language Models are Few-Shot Learners}, 
      author={Tom B. Brown and Benjamin Mann and Nick Ryder and Melanie Subbiah and Jared Kaplan and Prafulla Dhariwal and Arvind Neelakantan and Pranav Shyam and Girish Sastry and Amanda Askell and Sandhini Agarwal and Ariel Herbert-Voss and Gretchen Krueger and Tom Henighan and Rewon Child and Aditya Ramesh and Daniel M. Ziegler and Jeffrey Wu and Clemens Winter and Christopher Hesse and Mark Chen and Eric Sigler and Mateusz Litwin and Scott Gray and Benjamin Chess and Jack Clark and Christopher Berner and Sam McCandlish and Alec Radford and Ilya Sutskever and Dario Amodei},
      year={2020},
      eprint={2005.14165},
      archivePrefix={arXiv},
      primaryClass={cs.CL}
}



@incollection{pytorch,
    title = {PyTorch: An Imperative Style, High-Performance Deep Learning Library},
    author = {Paszke, Adam and Gross, Sam and Massa, Francisco and Lerer, Adam and Bradbury, James and Chanan, Gregory and Killeen, Trevor and Lin, Zeming and Gimelshein, Natalia and Antiga, Luca and Desmaison, Alban and Kopf, Andreas and Yang, Edward and DeVito, Zachary and Raison, Martin and Tejani, Alykhan and Chilamkurthy, Sasank and Steiner, Benoit and Fang, Lu and Bai, Junjie and Chintala, Soumith},
    booktitle = {Advances in Neural Information Processing Systems 32},
    editor = {H. Wallach and H. Larochelle and A. Beygelzimer and F. d\textquotesingle Alch\'{e}-Buc and E. Fox and R. Garnett},
    pages = {8024--8035},
    year = {2019},
    publisher = {Curran Associates, Inc.},
    url = {http://papers.neurips.cc/paper/9015-pytorch-an-imperative-style-high-performance-deep-learning-library.pdf}
}



@online{Hurtlex,
    author = "Elisa Bassignana, Valerio Basile, Viviana Patti",
    title = "Hurtlex: A Multilingual Lexicon of Words to Hurt",
    url  = "http://ceur-ws.org/Vol-2253/paper49.pdf",
    keywords = "lessico,hurtlex"
}



@online{Stanza,
    author = "Stanford University",
    title = "Stanza – A Python NLP Package for Many Human Languages",
    url  = "https://stanfordnlp.github.io/stanza/",
    keywords = "Stanza,Stanford"
}



@online{huggingface,
    author = "Huggingface community",
    title = "State-of-the-art Natural Language Processing for PyTorch and TensorFlow 2.0",
    url  = "https://huggingface.co/transformers/index.html",
    keywords = "huggingface, transformers"
}



@online{stem1,
    author = "Burnap Peter - Williams Matthew Leighton",
    title = "Hate speech, machine classification and statistical modelling of information flows on Twitter: interpretation and communication for policy decision making",
    url  = "https://orca.cardiff.ac.uk/65227/",
    keywords = "stem1"
}



@online{stem2,
    author = "Shuhua Liu - Thomas Forss",
    title = "Combining N-gram based Similarity Analysis with Sentiment Analysis in Web Content Classification",
    url  = "https://www.scitepress.org/papers/2014/51703/51703.pdf",
    keywords = "stem2"
}




@online{survey2,
    author = "Paula Fortuna - Sèrgio Nunes",
    title = "A Survey on Automatic Detection of Hate Speech in Text",
    url  = "https://dl.acm.org/doi/pdf/10.1145/3232676",
    keywords = "stem2"
}



@online{hatespeechEU,
    author = "Christian Wigand - Melanie Voin",
    title = "Speech by Commissioner Jourová - 10 years of the EU Fundamental Rights Agency: a call to action in defence of fundamental rights, democracy and the rule of law",
    url  = "https://ec.europa.eu/commission/presscorner/detail/en/SPEECH_17_403",
    keywords = "hatespeech, Europe"
}


@online{ilga,
    author = "ILGA",
    title = "Hate crime and hate speech",
    url  = "https://www.ilga-europe.org/what-we-do/our-advocacy-work/hate-crime-hate-speech",
    keywords = "hatespeech, ILGA"
}


@online{facebookhate,
    author = "Facebook",
    title = "What does Facebook consider to be hate speech?",
    url  = "https://www.facebook.com/communitystandards/hate_speech",
    keywords = "hatespeech, facebook"
}


@online{youtubehate,
    author = "YouTube",
    title = "Hate speech policy",
    url  = "https://support.google.com/youtube/answer/2801939",
    keywords = "hatespeech, youtube"
}



@online{twitterhate,
    author = "Twitter",
    title = "Regole di Twitter",
    url  = "https://help.twitter.com/it/rules-and-policies/twitter-rules",
    keywords = "hatespeechrules, twitter"
}




@online{HateData2,
    author = "CrowdFlower",
    title = "Data for everyone",
    url  = "https://www.crowdflower.com/data-for-everyone/",
    keywords = ""
}



@online{HateData1,
    author = "Zeerak Waseem",
    title = "Hate Speech Twitter annotations",
    url = "https://github.com/ZeerakW/hatespeech",
    keywords = ""
}


@online{fersES,
    author = "Maria Anzovino - Elisabetta Fersini - Paolo Rosso",
    title = "Automatic Identification and Classification of Misogynistic Language on Twitter",
    url = "http://personales.upv.es/prosso/resources/AnzovinoEtAl_NLDB18.pdf",
    keywords = ""
}



@online{HateData3,
    author = "Yahoo",
    title = "Webscope datasets",
    url  = "https://webscope.sandbox.yahoo.com",
    keywords = ""
}



@online{HateData4,
    author = "UCSM",
    title = "IWG hatespeech public",
    url  = "https://github.com/UCSM-DUE/",
    keywords = ""
}



@online{LocateHate,
    author = "Irene Kwok - Yuzhou Wang",
    title = "Locate the hate: Detecting tweets against blacks",
    url  = "https://www.aaai.org/ocs/index.php/AAAI/AAAI13/paper/view/6419/6821",
    keywords = ""
}



@online{SarahMiso,
    author = "Sarah Hewitt - Thanassis Tiropanis - Christian Bokhove",
    title = "The problem of identifying misogynist language on Twitter (and other online social spaces)",
    url  = "https://dl.acm.org/doi/pdf/10.1145/2908131.2908183",
    keywords = ""
}



@online{JamieMiso,
    author = "Jamie Bartlett - Richard Norrie - Sofia Patel - Rebekka Rumpel - Simon Wibberley",
    title = "Misogyny on Twitter",
    url  = "https://www.demos.co.uk/files/MISOGYNY_ON_TWITTER.pdf",
    keywords = ""
}


@online{VasuHomophobia,
    author = "Vasu Reddy",
    title = "Perverts and sodomites: homophobia as hate speech in Africa",
    url  = "https://www.tandfonline.com/doi/abs/10.2989/16073610209486308",
    keywords = ""
}




@online{WilliamHate,
    author = "William Warner - Julia Hirschberg",
    title = "Detecting hate speech on the world wide web",
    url  = "https://dl.acm.org/doi/pdf/10.5555/2390374.2390377",
    keywords = ""
}




@online{SriCyberbullying,
    author = "B. Sri Nandhini - J.I. Sheeba",
    title = "Cyberbullying Detection and Classification Using Information Retrieval Algorithm",
    url  = "https://dl.acm.org/doi/pdf/10.1145/2743065.2743085",
    keywords = ""
}



@online{ShuhuaDict,
    author = "Shuhua Liu - Thomas Forss",
    title = "New Classification Models for Detecting Hate and Violence Web Content",
    url  = "https://www.scitepress.org/Papers/2015/56367/56367.pdf",
    keywords = ""
}



@online{KarthikDict,
    author = "Karthik Dinakar - Roi Reichart - Henry Lieberman",
    title = "Modeling the detection of textual cyberbullying",
    url  = "https://ie.technion.ac.il/~roiri/papers/3841-16937-1-PB.pdf",
    keywords = ""
}




@online{MaralDict,
    author = "Maral Dadvar - Franciska de Jong - Roeland Ordelman - Dolf Trieschnigg",
    title = "Improved cyberbullying detection using gender information",
    url  = "https://www.researchgate.net/publication/230701861_Improved_Cyberbullying_Detection_Using_Gender_Information",
    keywords = ""
}





@online{BOWPete,
    author = "Pete Burnap - Matthew L. Williams",
    title = "Identifying cyber hate on Twitter across multiple protected characteristics",
    url  = "https://epjdatascience.springeropen.com/articles/10.1140/epjds/s13688-016-0072-6",
    keywords = ""
}




@inproceedings{BOWGreevy,
    author = {Greevy, Edel and Smeaton, Alan F.},
    title = {Classifying Racist Texts Using a Support Vector Machine},
    year = {2004},
    isbn = {1581138814},
    publisher = {Association for Computing Machinery},
    address = {New York, NY, USA},
    url = {https://doi.org/10.1145/1008992.1009074},
    doi = {10.1145/1008992.1009074},
    booktitle = {Proceedings of the 27th Annual International ACM SIGIR Conference on Research and Development in Information Retrieval},
    pages = {468–469},
    numpages = {2},
    keywords = {SVM, machine learning, text categorisation},
    location = {Sheffield, United Kingdom},
    series = {SIGIR '04}
}



@online{NgPinkesh,
    author = "Pinkesh Badjatiya - Shashank Gupta - Manish Gupta - Vasudeva Varma",
    title = "Deep learning for hate speech detection in tweets",
    url  = "https://arxiv.org/pdf/1706.00188.pdf",
    keywords = ""
}



@online{NgZeerak,
    author = "Zeerak Waseem and Dirk Hovy",
    title = "Hateful symbols or hateful people? Predictive features for hate speech detection on Twitter",
    url  = "https://aclanthology.org/N16-2013.pdf",
    keywords = ""
}






@INPROCEEDINGS{Chen,
    author={Chen, Ying and Zhou, Yilu and Zhu, Sencun and Xu, Heng},
    booktitle={2012 International Conference on Privacy, Security, Risk and Trust and 2012 International Confernece on Social Computing},
    title={Detecting Offensive Language in Social Media to Protect Adolescent Online Safety}, 
    year={2012},
    volume={},
    number={},
    pages={71-80},
    doi={10.1109/SocialCom-PASSAT.2012.55}
}



@misc{agarwal2017characterizing,
    title={Characterizing Linguistic Attributes for Automatic Classification of Intent Based Racist/Radicalized Posts on Tumblr Micro-Blogging Website}, 
    author={Swati Agarwal and Ashish Sureka},
    year={2017},
    eprint={1701.04931},
    archivePrefix={arXiv},
    primaryClass={cs.IR}
}



@inproceedings{VignaInproceedings,
    author = {Del Vigna, Fabio and Cimino, Andrea and Dell'Orletta, Felice and Petrocchi, Marinella and Tesconi, Maurizio},
    year = {2017},
    month = {01},
    pages = {},
    title = {Hate me, hate me not: Hate speech detection on Facebook}
}




@article{articleNjagi,
    author = {Njagi, Dennis and Zuping, Z. and Hanyurwimfura, Damien and Long, Jun},
    year = {2015},
    month = {04},
    pages = {215-230},
    title = {A Lexicon-based Approach for Hate Speech Detection},
    volume = {10},
    journal = {International Journal of Multimedia and Ubiquitous Engineering},
    doi = {10.14257/ijmue.2015.10.4.21}
}





@inproceedings{AmirNB,
    author = {Razavi, Amir and Inkpen, Diana and Uritsky, Sasha and Matwin, Stan},
    year = {2010},
    month = {05},
    pages = {16-27},
    title = {Offensive Language Detection Using Multi-level Classification},
    isbn = {978-3-642-13058-8},
    doi = {10.1007/978-3-642-13059-5_5}
}







@online{CNNstudy,
    author = "Younghun Lee - Seunghyun Yoon - Kyomin Jung",
    title = "Comparative Studies of Detecting Abusive Language on Twitter",
    url  = "https://aclanthology.org/W18-5113.pdf",
    keywords = ""
}






@online{transformer1,
    author = "Marzieh Mozafari - Reza Farahbakhsh - Nöel Crespi",
    title = "A BERT-Based Transfer Learning Approach for Hate Speech Detection in Online Social Media",
    url  = "https://arxiv.org/pdf/1910.12574.pdf",
    keywords = ""
}






@online{transformer2,
    author = "Gaurav Rajput - Narinder Singh punn - Sanjay Kumar Sonbhadra - Sonali Agarwal",
    title = "Hate speech detection using static BERT embeddings",
    url  = "https://arxiv.org/pdf/2106.15537.pdf",
    keywords = ""
}




@inproceedings{FersiniBias,
    author = {Nozza, Debora and Volpetti, Claudia and Fersini, Elisabetta},
    title = {Unintended Bias in Misogyny Detection},
    year = {2019},
    isbn = {9781450369343},
    publisher = {Association for Computing Machinery},
    address = {New York, NY, USA},
    url = {https://doi.org/10.1145/3350546.3352512},
    doi = {10.1145/3350546.3352512},
    booktitle = {IEEE/WIC/ACM International Conference on Web Intelligence},
    pages = {149–155},
    numpages = {7},
    keywords = {misogyny detection, bias measuring, bias mitigation, deep learning},
    location = {Thessaloniki, Greece},
    series = {WI '19}
}



@online{memeAndText,
    author = "Fersini Elisabetta - Gasparini Francesca - Corchs Silvia Elena",
    title = " Detecting Sexist MEME On The Web: A Study on Textual and Visual Cues",
    url  = "http://hdl.handle.net/10281/298213",
    keywords = ""
}


@online{roberta,
    author = "Yinhan Liu - Myle Ott - Naman Goyal - Jingfei Du - Mandar Joshi - Danqi Chen - Omer Levy - Mike Lewis - Luke Zettlemoyer - Veselin Stoyanov",
    title = "RoBERTa: A Robustly Optimized BERT Pretraining Approach",
    url  = "https://arxiv.org/pdf/1907.11692.pdf",
    keywords = "RoBERTa"
}



@online{StanfordNLP,
    author = "NLP Stanford Group",
    title = "The Stanford NLP Group",
    url  = "https://nlp.stanford.edu",
    keywords = ""
}























